<?xml version="1.0" encoding="UTF-8"?><collection xmlns="http://www.loc.gov/MARC21/slim"><record><leader>00467nam--2200169-i-4500</leader><controlfield tag="001">000007852</controlfield><controlfield tag="002">20161230</controlfield><controlfield tag="005">20161230201027</controlfield><controlfield tag="008">060222s1000------------r-----000-0-eng-d</controlfield><datafield ind1=" " ind2=" " tag="040"><subfield code="a">IFIN-HH</subfield></datafield><datafield ind1=" " ind2=" " tag="080"><subfield code="a">543.426</subfield></datafield><datafield ind1="1" ind2=" " tag="100"><subfield code="a">Berlman, Isadore B</subfield></datafield><datafield ind1="1" ind2="0" tag="245"><subfield code="a">Handbook of fluorescence spectra of aromatic molecules</subfield><subfield code="c">Isadore b. berlman</subfield></datafield><datafield ind1=" " ind2=" " tag="260"><subfield code="a">New York</subfield><subfield code="b">Academic Press</subfield><subfield code="c">1965</subfield></datafield><datafield ind1=" " ind2=" " tag="300"><subfield code="a">VIII + 258 P</subfield></datafield><datafield ind1=" " ind2=" " tag="852"><subfield code="a">24814</subfield><subfield code="c">535.37</subfield></datafield><datafield ind1=" " ind2=" " tag="CAT"><subfield code="a">Sys</subfield><subfield code="c">20110413</subfield><subfield code="h">150657</subfield></datafield></record></collection>